<?xml version="1.0" encoding="UTF-8" ?><marc:collection xmlns:marc="http://www.loc.gov/MARC21/slim" xmlns:xsi="http://www.w3.org/2001/XMLSchema-instance" xsi:schemaLocation="http://www.loc.gov/MARC21/slim http://www.loc.gov/standards/marcxml/schema/MARC21slim.xsd">
<marc:record><marc:leader>01801cas a2200397 a 4500</marc:leader>
<marc:controlfield tag="001">ocn844958923</marc:controlfield>
<marc:controlfield tag="003">OCoLC</marc:controlfield><marc:controlfield tag="005">20131017025434.0</marc:controlfield><marc:controlfield tag="007">hd bdu---buba</marc:controlfield><marc:controlfield tag="008">130529d19uuuuuuorusr ne      0    0eng c</marc:controlfield><marc:datafield tag="010" ind1=" " ind2=" "><marc:subfield code="a">  2013260024</marc:subfield></marc:datafield><marc:datafield tag="040" ind1=" " ind2=" "><marc:subfield code="a">ORU</marc:subfield><marc:subfield code="b">eng</marc:subfield><marc:subfield code="c">ORU</marc:subfield><marc:subfield code="d">ORU</marc:subfield></marc:datafield><marc:datafield tag="035" ind1=" " ind2=" "><marc:subfield code="a">(OCoLC)844958923</marc:subfield></marc:datafield><marc:datafield tag="042" ind1=" " ind2=" "><marc:subfield code="a">pcc</marc:subfield></marc:datafield><marc:datafield tag="043" ind1=" " ind2=" "><marc:subfield code="a">n-us-or</marc:subfield></marc:datafield><marc:datafield tag="050" ind1="1" ind2="4"><marc:subfield code="a">LH1.A845</marc:subfield><marc:subfield code="b">R63</marc:subfield></marc:datafield><marc:datafield tag="049" ind1=" " ind2=" "><marc:subfield code="a">ORUM</marc:subfield></marc:datafield><marc:datafield tag="110" ind1="2" ind2=" "><marc:subfield code="a">Ashland High School (Ashland, Or.)</marc:subfield></marc:datafield><marc:datafield tag="240" ind1="1" ind2="0"><marc:subfield code="a">Rogue news (1929)</marc:subfield></marc:datafield><marc:datafield tag="245" ind1="1" ind2="0"><marc:subfield code="a">Rogue news.</marc:subfield></marc:datafield><marc:datafield tag="246" ind1="1" ind2=" "><marc:subfield code="i">At head of title, Feb. 28, 1958- :</marc:subfield><marc:subfield code="a">Ashland High School</marc:subfield></marc:datafield><marc:datafield tag="260" ind1=" " ind2=" "><marc:subfield code="a">Ashland, Or. :</marc:subfield><marc:subfield code="b">Associated Students of the Ashland, Oregon, High School</marc:subfield></marc:datafield><marc:datafield tag="300" ind1=" " ind2=" "><marc:subfield code="a">v. :</marc:subfield><marc:subfield code="b">ill.</marc:subfield></marc:datafield><marc:datafield tag="310" ind1=" " ind2=" "><marc:subfield code="a">Semimonthly during school year</marc:subfield><marc:subfield code="b">Sept. 1971-</marc:subfield></marc:datafield><marc:datafield tag="321" ind1=" " ind2=" "><marc:subfield code="a">Frequency varies,</marc:subfield><marc:subfield code="b">-May 11, 1971</marc:subfield></marc:datafield><marc:datafield tag="500" ind1=" " ind2=" "><marc:subfield code="a">Some issues are special editions.</marc:subfield></marc:datafield><marc:datafield tag="515" ind1=" " ind2=" "><marc:subfield code="a">Issues for &lt;Dec. 21, 1951&gt;-June 5, 1962 lack volume numbers.</marc:subfield></marc:datafield><marc:datafield tag="515" ind1=" " ind2=" "><marc:subfield code="a">Volume numbering for &lt;Feb. 11, 1966-Sept. 21, 1973&gt; repeat volume numbering starting with Vol. 13 no. 7.</marc:subfield></marc:datafield><marc:datafield tag="533" ind1=" " ind2=" "><marc:subfield code="a">Microfilm.</marc:subfield><marc:subfield code="m">v.8:no.7-v.21:no.1  (1929:Jan.-1973:Sept.):[Gaps]</marc:subfield><marc:subfield code="b">Medford, Or. :</marc:subfield><marc:subfield code="c">Jackson County Intermediate Education District,</marc:subfield><marc:subfield code="d">Apr. 1974.</marc:subfield><marc:subfield code="e">1 microfilm reel ; 16 mm.</marc:subfield><marc:subfield code="n">Filmed with first page of: Ashland daily tidings, Vol.23, no. 8 (May 19, 1944); and Ashland daily doodles, June 2, 1964).</marc:subfield></marc:datafield><marc:datafield tag="550" ind1=" " ind2=" "><marc:subfield code="a">Issued by: School Journalism Class, &lt;Sept. 25, 1959-Nov. 10, 1966&gt;.</marc:subfield></marc:datafield><marc:datafield tag="588" ind1=" " ind2=" "><marc:subfield code="a">Description based on: Vol. 8, no. 7 (Jan. 18, 1929); title from caption.</marc:subfield></marc:datafield><marc:datafield tag="588" ind1=" " ind2=" "><marc:subfield code="a">Latest issue consulted: Vol. 21, no. 1 (Sept. 21, 1973).</marc:subfield></marc:datafield><marc:datafield tag="610" ind1="2" ind2="0"><marc:subfield code="a">Ashland High School (Ashland, Or.)</marc:subfield><marc:subfield code="v">Periodicals.</marc:subfield></marc:datafield><marc:datafield tag="650" ind1=" " ind2="0"><marc:subfield code="a">High school student activities</marc:subfield><marc:subfield code="z">Oregon</marc:subfield><marc:subfield code="z">Ashland</marc:subfield><marc:subfield code="v">Periodicals.</marc:subfield></marc:datafield><marc:datafield tag="752" ind1=" " ind2=" "><marc:subfield code="a">United States</marc:subfield><marc:subfield code="b">Oregon</marc:subfield><marc:subfield code="c">Jackson</marc:subfield><marc:subfield code="d">Ashland.</marc:subfield></marc:datafield><marc:datafield tag="994" ind1=" " ind2=" "><marc:subfield code="a">C0</marc:subfield><marc:subfield code="b">ORU</marc:subfield></marc:datafield></marc:record>
</marc:collection>
